

@misc{clock,
	title = {Measuring CPI time in c},
	howpublished = {\url{https://stackoverflow.com/questions/20167685/measuring-cpu-time-in-c}},
	note = {Accessed: 2020-02-11}
}


