
@misc{numpy,
	title = {Numpy},
	howpublished = {\url{https://introcs.cs.princeton.edu/python/appendix_numpy/}},
	note = {Accessed: 2019-04-10}
}

@misc{python.time,
	title = {Measure Time in Python – time.time() vs time.clock()},
	howpublished = {\url{https://www.pythoncentral.io/measure-time-in-python-time-time-vs-time-clock/}},
	note = {Accessed: 2019-04-10}
}

@misc{class.pointer,
	title = {Classes with Pointer Data Members},
	howpublished = {\url{http://pages.cs.wisc.edu/~hasti/cs368/CppTutorial/NOTES/CLASSES-PTRS.html}},
	note = {Accessed: 2019-04-08}
}

@misc{clock,
	title = {Measuring CPI time in c},
	howpublished = {\url{https://stackoverflow.com/questions/20167685/measuring-cpu-time-in-c}},
	note = {Accessed: 2020-02-11}
}




@article{Ferretti.2011,
 author = {Ferretti, Alessandro and Fumagalli, Alfio and Novali, Fabrizio and Prati, Claudio and Rocca, Fabio and Rucci, Alessio},
 year = {2011},
 title = {A New Algorithm for Processing Interferometric Data-Stacks: SqueeSAR},
 pages = {3460--3470},
 volume = {49},
 number = {9},
 issn = {0196-2892},
 journal = {IEEE Transactions on Geoscience and Remote Sensing},
 doi = {10.1109/TGRS.2011.2124465}
}


@article{Ferretti.2001,
	author = {Ferretti, A. and Prati, C. and Rocca, F.},
	year = {2001},
	title = {Permanent scatterers in SAR interferometry},
	pages = {8--20},
	volume = {39},
	number = {1},
	issn = {0196-2892},
	journal = {IEEE Transactions on Geoscience and Remote Sensing},
	doi = {10.1109/36.898661}
}

@article{AlessandroFerretti.2007,
	author = {{Alessandro Ferretti,Giuliano Savio, Riccardo Barzaghi, Alessandra Borghi, Sergio Musazzi, Fabrizio Novali, Claudio Prati, Fabio Rocca}},
	year = {2007},
	title = {Submillimeter Accuracy of InSAR Time Series: Experimental Validation},
	volume = {45},
	number = {5},
	journal = {IEEE TRANSACTIONS ON GEOSCIENCE AND REMOTE SENSING,}
}

@article{BatuhanOsmanoAYlu.2016,
	author = {{Batuhan Osmano{\"A}Ÿlu} and {Filiz Sunar} and {Shimon Wdowinski} and {Enrique Cabral-Cano}},
	year = {2016},
	title = {Time series analysis of InSAR data: Methods and trends},
	keywords = {InSAR;Multi-temporal InSAR;Persistent scatterer InSAR;Small baselines subset},
	pages = {90--102},
	volume = {115},
	issn = {09242716},
	journal = {ISPRS Journal of Photogrammetry and Remote Sensing}
}